@article{imagenet,
  title={Imagenet large scale visual recognition challenge},
  author={Russakovsky, Olga and Deng, Jia and Su, Hao and Krause, Jonathan and Satheesh, Sanjeev and Ma, Sean and Huang, Zhiheng and Karpathy, Andrej and Khosla, Aditya and Bernstein, Michael and others},
  journal={International Journal of Computer Vision},
  volume={115},
  number={3},
  pages={211--252},
  year={2015},
  publisher={Springer}
}

@inproceedings{alexnet,
  title={Imagenet classification with deep convolutional neural networks},
  author={Krizhevsky, Alex and Sutskever, Ilya and Hinton, Geoffrey E},
  booktitle={Advances in neural information processing systems},
  pages={1097--1105},
  year={2012}
}

@article{lenet,
  title={Gradient-based learning applied to document recognition},
  author={LeCun, Yann and Bottou, L{\'e}on and Bengio, Yoshua and Haffner, Patrick},
  journal={Proceedings of the IEEE},
  volume={86},
  number={11},
  pages={2278--2324},
  year={1998},
  publisher={IEEE}
}

@article{vgg,
  title={Very deep convolutional networks for large-scale image recognition},
  author={Simonyan, Karen and Zisserman, Andrew},
  journal={arXiv preprint arXiv:1409.1556},
  year={2014}
}

@inproceedings{resnet,
  title={Deep residual learning for image recognition},
  author={He, Kaiming and Zhang, Xiangyu and Ren, Shaoqing and Sun, Jian},
  booktitle={Proceedings of the IEEE conference on computer vision and pattern recognition},
  pages={770--778},
  year={2016}
}

@inproceedings{densenet,
  title={Densely connected convolutional networks},
  author={Huang, Gao and Liu, Zhuang and Weinberger, Kilian Q and van der Maaten, Laurens},
  booktitle={Proceedings of the IEEE conference on computer vision and pattern recognition},
  volume={1},
  number={2},
  pages={3},
  year={2017}
}

@inproceedings{faster-r-cnn,
  title={Is faster R-CNN doing well for pedestrian detection?},
  author={Zhang, Liliang and Lin, Liang and Liang, Xiaodan and He, Kaiming},
  booktitle={European Conference on Computer Vision},
  pages={443--457},
  year={2016},
  organization={Springer}
}

@inproceedings{refinenet,
  title={Refinenet: Multi-path refinement networks for high-resolution semantic segmentation},
  author={Lin, Guosheng and Milan, Anton and Shen, Chunhua and Reid, Ian},
  booktitle={IEEE conference on computer vision and pattern recognition (CVPR)},
  volume={1},
  number={2},
  pages={3},
  year={2017}
}


@book{rnn,
  title={Training recurrent neural networks},
  author={Sutskever, Ilya},
  year={2013},
  publisher={University of Toronto, Ontario, Canada}
}

@inproceedings{text_rnn,
  title={Accurate scene text recognition based on recurrent neural network},
  author={Su, Bolan and Lu, Shijian},
  booktitle={Asian Conference on Computer Vision},
  pages={35--48},
  year={2014},
  organization={Springer}
}

@inproceedings{speech_rnn,
  title={Speech recognition with deep recurrent neural networks},
  author={Graves, Alex and Mohamed, Abdel-rahman and Hinton, Geoffrey},
  booktitle={Acoustics, speech and signal processing (icassp), 2013 ieee international conference on},
  pages={6645--6649},
  year={2013},
  organization={IEEE}
}

@inproceedings{video_rnn,
  title={Sequential deep learning for human action recognition},
  author={Baccouche, Moez and Mamalet, Franck and Wolf, Christian and Garcia, Christophe and Baskurt, Atilla},
  booktitle={International Workshop on Human Behavior Understanding},
  pages={29--39},
  year={2011},
  organization={Springer}
}

@article{lstm,
  title={Learning to forget: Continual prediction with LSTM},
  author={Gers, Felix A and Schmidhuber, J{\"u}rgen and Cummins, Fred},
  year={1999},
  publisher={IET}
}

@article{blstm,
  title={Bidirectional LSTM-CRF models for sequence tagging},
  author={Huang, Zhiheng and Xu, Wei and Yu, Kai},
  journal={arXiv preprint arXiv:1508.01991},
  year={2015}
}

@inproceedings{cliqueNet,
  title={Convolutional Neural Networks with Alternately Updated Clique},
  author={Yang, Yibo and Zhong, Zhisheng and Shen, Tiancheng and Lin, Zhouchen},
  booktitle={Proceedings of the IEEE Conference on Computer Vision and Pattern Recognition},
  pages={2413--2422},
  year={2018}
}

@article{dla,
  title={Deep layer aggregation},
  author={Yu, Fisher and Wang, Dequan and Darrell, Trevor},
  journal={arXiv preprint arXiv:1707.06484},
  year={2017}
}

@inproceedings{FCN,
  title={Fully convolutional networks for semantic segmentation},
  author={Long, Jonathan and Shelhamer, Evan and Darrell, Trevor},
  booktitle={Proceedings of the IEEE conference on computer vision and pattern recognition},
  pages={3431--3440},
  year={2015}
}

@inproceedings{U-Net,
  title={U-net: Convolutional networks for biomedical image segmentation},
  author={Ronneberger, Olaf and Fischer, Philipp and Brox, Thomas},
  booktitle={International Conference on Medical image computing and computer-assisted intervention},
  pages={234--241},
  year={2015},
  organization={Springer}
}

@inproceedings{FPN,
  title={Feature pyramid networks for object detection},
  author={Lin, Tsung-Yi and Doll{\'a}r, Piotr and Girshick, Ross and He, Kaiming and Hariharan, Bharath and Belongie, Serge},
  booktitle={CVPR},
  volume={1},
  number={2},
  pages={4},
  year={2017}
}

@inproceedings{ReLU,
  title={Rectified linear units improve restricted boltzmann machines},
  author={Nair, Vinod and Hinton, Geoffrey E},
  booktitle={Proceedings of the 27th international conference on machine learning (ICML-10)},
  pages={807--814},
  year={2010}
}

@techreport{cifar,
  title={Learning multiple layers of features from tiny images},
  author={Krizhevsky, Alex and Hinton, Geoffrey},
  year={2009},
  institution={Citeseer}
}

@inproceedings{SVHN,
  title={Reading digits in natural images with unsupervised feature learning},
  author={Netzer, Yuval and Wang, Tao and Coates, Adam and Bissacco, Alessandro and Wu, Bo and Ng, Andrew Y},
  booktitle={NIPS workshop on deep learning and unsupervised feature learning},
  volume={2011},
  number={2},
  pages={5},
  year={2011}
}

